% Encoding: UTF-8

@Article{aa,
  author     = {name of authors},
  title      = {Example title of a journal article},
  journal    = {some journal},
  year       = {2023},
  volume     = {12},
  number     = {3},
  pages      = {1--10},
  doi        = {something},
}

@article{bb,
  author     = {name of authors},
  title      = {Example title of a journal article},
  journal    = {some journal},
  year       = {2023},
  volume     = {12},
  number     = {3},
  pages      = {1--10},
  doi        = {something},
}